# See https://irl.github.io/bibwiki/ for wikipedia citations.
@misc{wiki:manet_applications,
  author = "Wikipedia",
  title = "{Wireless ad hoc network, Applications} --- {W}ikipedia{,} The Free Encyclopedia",
  year = "2025",
  howpublished = {\url{https://en.wikipedia.org/w/index.php?title=Wireless\%20ad\%20hoc\%20network&oldid=1277152102\#Applications}},
  note = "[Online; accessed 02-March-2025]"
}
